<?xml version="1.0" encoding="UTF-8"?><collection xmlns="http://www.loc.gov/MARC21/slim"><record><leader>00568nam--2200205-u-4500</leader><controlfield tag="001">000056717</controlfield><controlfield tag="002">20170118</controlfield><controlfield tag="005">20170118151642</controlfield><controlfield tag="008">170118s1000------------r-----000-0-eng-d</controlfield><datafield ind1=" " ind2=" " tag="020"><subfield code="a">0387017690</subfield></datafield><datafield ind1=" " ind2=" " tag="040"><subfield code="a">IFIN-HH</subfield></datafield><datafield ind1="0" ind2=" " tag="041"><subfield code="a">eng</subfield></datafield><datafield ind1=" " ind2=" " tag="080"><subfield code="a">621.374:621.376 (001.895.5 + 001.891.3)</subfield></datafield><datafield ind1="1" ind2=" " tag="100"><subfield code="a">Rulliere, Claude</subfield></datafield><datafield ind1="1" ind2="0" tag="245"><subfield code="a">Femtosecond Laser Pulses, Principles and Experiments</subfield><subfield code="c">Claude Rulliere (ed)</subfield></datafield><datafield ind1=" " ind2=" " tag="250"><subfield code="a">Second Edition</subfield></datafield><datafield ind1=" " ind2=" " tag="260"><subfield code="a">New York</subfield><subfield code="b">Springer</subfield><subfield code="c">2005</subfield></datafield><datafield ind1=" " ind2=" " tag="300"><subfield code="a">XVI/426p</subfield></datafield><datafield ind1=" " ind2=" " tag="852"><subfield code="a">81587</subfield><subfield code="b">621.375.9</subfield></datafield><datafield ind1=" " ind2=" " tag="CAT"><subfield code="a">SYS</subfield><subfield code="c">20170118</subfield><subfield code="h">151642</subfield></datafield></record></collection>